<record><leader>00000cas a22000007a 4500</leader><controlfield tag="001">11489436</controlfield><controlfield tag="008">841213d18uu1906nyuwr ne      0    0eng d</controlfield><datafield ind1=" " ind2=" " tag="010"><subfield code="a">sn 84035907 </subfield></datafield><datafield ind1=" " ind2=" " tag="040"><subfield code="a">NYG</subfield><subfield code="b">eng</subfield><subfield code="c">NYG</subfield><subfield code="d">NPX</subfield><subfield code="d">NYS</subfield><subfield code="d">OCL</subfield><subfield code="d">OCLCQ</subfield><subfield code="d">OCLCF</subfield><subfield code="d">OCLCO</subfield></datafield><datafield ind1=" " ind2=" " tag="042"><subfield code="a">msc</subfield></datafield><datafield ind1=" " ind2=" " tag="043"><subfield code="a">n-us-ny</subfield></datafield><datafield ind1="0" ind2=" " tag="130"><subfield code="a">Schenectady weekly union (Schenectady, N.Y. : 1884)</subfield></datafield><datafield ind1="1" ind2="4" tag="245"><subfield code="a">The Schenectady weekly union.</subfield></datafield><datafield ind1="1" ind2="3" tag="246"><subfield code="a">Weekly union</subfield></datafield><datafield ind1=" " ind2=" " tag="260"><subfield code="a">Schenectady, N.Y. :</subfield><subfield code="b">George W. Cottrell</subfield></datafield><datafield ind1=" " ind2=" " tag="300"><subfield code="a">v. :</subfield><subfield code="b">ill. ;</subfield><subfield code="c">57 cm.</subfield></datafield><datafield ind1=" " ind2=" " tag="310"><subfield code="a">Weekly</subfield></datafield><datafield ind1="1" ind2=" " tag="362"><subfield code="a">Ceased in 1906.</subfield><subfield code="z">Cf. Gregory, W. Amer. newspapers.</subfield></datafield><datafield ind1=" " ind2=" " tag="500"><subfield code="a">Publishers: George W. Cottrell, &lt;1884-1886&gt;; W.D. Davis, &lt;1896&gt;.</subfield></datafield><datafield ind1=" " ind2=" " tag="580"><subfield code="a">Daily editions: Schenectady daily union, &lt;1884&gt;-1889; Daily union, 1889-1894; and Schenectady daily union, 1894-1906.</subfield></datafield><datafield ind1=" " ind2=" " tag="588"><subfield code="a">Description based on: Vol. 19, no. 49 (Oct. 30, 1884).</subfield></datafield><datafield ind1=" " ind2="0" tag="651"><subfield code="a">Schenectady (N.Y.)</subfield><subfield code="v">Newspapers.</subfield></datafield><datafield ind1=" " ind2="7" tag="655"><subfield code="a">Newspapers.</subfield><subfield code="2">fast</subfield><subfield code="0">(OCoLC)fst01423814</subfield></datafield><datafield ind1=" " ind2="7" tag="651"><subfield code="a">New York (State)</subfield><subfield code="z">Schenectady.</subfield><subfield code="2">fast</subfield><subfield code="0">(OCoLC)fst01202844</subfield></datafield><datafield ind1=" " ind2=" " tag="752"><subfield code="a">United States</subfield><subfield code="b">New York</subfield><subfield code="c">Schenectady</subfield><subfield code="d">Schenectady.</subfield></datafield><datafield ind1="1" ind2=" " tag="775"><subfield code="t">Schenectady daily union (Schenectady, N.Y. : 1865)</subfield><subfield code="w">(DLC)sn 83031682</subfield></datafield><datafield ind1="1" ind2=" " tag="775"><subfield code="t">Daily union (Schenectady, N.Y.)</subfield><subfield code="w">(DLC)sn 84031954</subfield></datafield><datafield ind1="1" ind2=" " tag="775"><subfield code="t">Schenectady daily union (Schenectady, N.Y. : 1894)</subfield><subfield code="w">(OCoLC)18451158</subfield></datafield><datafield ind1="0" ind2=" " tag="775"><subfield code="t">Semi-weekly union (Schenectady, N.Y.)</subfield><subfield code="w">(OCoLC)17666991</subfield></datafield><datafield ind1="0" ind2="0" tag="780"><subfield code="t">Weekly union (Schenectady, N.Y.)</subfield><subfield code="w">(DLC)sn 85027080</subfield></datafield></record>